@Article{baker15,
  Title                    = {Over Half of Psychology Studies Fail Reproducibility Test: Largest Replication Study to Date Casts Doubt on Many Published Positive Results},
  Author                   = {Baker, Monya},
  Journal                  = {Nature News},
  Year                     = {2015},
  Volume                   = {27}
}

@Article{carpenter12,
  Title                    = {Psychology{\textquoteright}s Bold Initiative},
  Author                   = {Carpenter, Siri},
  Journal                  = {Science},
  Year                     = {2012},
  Number                   = {6076},
  Pages                    = {1558--1561},
  Volume                   = {335},

  Doi                      = {10.1126/science.335.6076.1558},
  Eprint                   = {http://science.sciencemag.org/content/335/6076/1558.full.pdf},
  ISSN                     = {0036-8075},
  Publisher                = {American Association for the Advancement of Science}
}

@Article{osc15,
  Title                    = {Estimating the reproducibility of psychological science},
  Author                   = {Open Science Collaboration and others},
  Journal                  = {Science},
  Year                     = {2015},
  Number                   = {6251},
  Pages                    = {aac4716},
  Volume                   = {349},

  Publisher                = {American Association for the Advancement of Science}
}

@Article{cooper14,
  Title                    = {Implementations are not specifications: Specification, replication and experimentation in computational cognitive modeling },
  Author                   = {Richard P. Cooper and Olivia Guest},
  Journal                  = {Cognitive Systems Research },
  Year                     = {2014},
  Pages                    = {42 - 49},
  Volume                   = {27},

  Doi                      = {http://dx.doi.org/10.1016/j.cogsys.2013.05.001},
  ISSN                     = {1389-0417},
  Keywords                 = {Theory specification}
}

@InBook{crook13,
  Title                    = {20 Years of Computational Neuroscience},
  Author                   = {Crook, Sharon M. and Davison, Andrew P. and Plesser, Hans E.},
  Chapter                  = {Learning from the Past: Approaches for Reproducibility in Computational Neuroscience},
  Editor                   = {Bower, M. James},
  Pages                    = {73--102},
  Publisher                = {Springer New York},
  Year                     = {2013},

  Address                  = {New York, NY},

  Doi                      = {10.1007/978-1-4614-1424-7_4},
  ISBN                     = {978-1-4614-1424-7}
}

@Misc{drummond09,
  Title                    = {Replicability is not Reproducibility: Nor is it Good Science},

  Author                   = {Dr. Chris Drummond},
  Month                    = {June},
  Year                     = {2009},

  Url                      = {http://cogprints.org/7691/}
}

@Article{easterbrook14,
  Title                    = {Open code for open science?},
  Author                   = {Easterbrook, Steve M},
  Journal                  = {Nature Geoscience},
  Year                     = {2014},
  Number                   = {11},
  Pages                    = {779--781},
  Volume                   = {7},

  Publisher                = {Nature Publishing Group}
}

@InProceedings{gomez10,
  Title                    = {Replications types in experimental disciplines},
  Author                   = {G{\'o}mez, Omar S and Juristo, Natalia and Vegas, Sira},
  Booktitle                = {Proceedings of the 2010 ACM-IEEE international symposium on empirical software engineering and measurement},
  Year                     = {2010},
  Organization             = {ACM},
  Pages                    = {3}
}

@Article{hayden12,
  Title                    = {Lapses in oversight compromise omics results. US board calls for tighter control of test-based data},
  Author                   = {Hayden, EC},
  Journal                  = {Nature},
  Year                     = {2012},
  Volume                   = {23}
}

@Article{hinsen15,
  Title                    = {Writing Software Specifications},
  Author                   = {Hinsen, Konrad},
  Journal                  = {Computing in Science \& Engineering},
  Year                     = {2015},
  Number                   = {3},
  Pages                    = {54--61},
  Volume                   = {17},

  Publisher                = {AIP Publishing}
}

@Article{hucka16,
  Title                    = {Software search is not a science, even among scientists},
  Author                   = {Hucka, Michael and Graham, Matthew J},
  Journal                  = {arXiv preprint arXiv:1605.02265},
  Year                     = {2016}
}

@Article{king95,
  Title                    = {Replication, Replication},
  Author                   = {Gary King},
  Journal                  = {PS: Political Science and Politics},
  Year                     = {1995},

  Month                    = {September},
  Note                     = {See updates to this paper\&nbsp;for how I use this paper as a class assignment now.},
  Pages                    = {444-452},
  Volume                   = {28}
}

@Article{mcclelland09,
  Title                    = {The place of modeling in cognitive science},
  Author                   = {McClelland, J.L.},
  Journal                  = {Topics in Cognitive Science},
  Year                     = {2009},
  Number                   = {1},
  Pages                    = {11--38},
  Volume                   = {1},

  Publisher                = {Wiley Online Library}
}

@Article{peng11,
  Title                    = {Reproducible Research in Computational Science},
  Author                   = {Peng, Roger D.},
  Journal                  = {Science},
  Year                     = {2011},
  Number                   = {6060},
  Pages                    = {1226--1227},
  Volume                   = {334},

  Doi                      = {10.1126/science.1213847},
  Eprint                   = {http://science.sciencemag.org/content/334/6060/1226.full.pdf},
  ISSN                     = {0036-8075},
  Publisher                = {American Association for the Advancement of Science}
}

@Article{peng09,
  Title                    = {Reproducible research and Biostatistics},
  Author                   = {Peng, Roger D.},
  Journal                  = {Biostatistics},
  Year                     = {2009},
  Number                   = {3},
  Pages                    = {405-408},
  Volume                   = {10},

  Doi                      = {10.1093/biostatistics/kxp014},
  Eprint                   = {http://biostatistics.oxfordjournals.org/content/10/3/405.full.pdf+html}
}

@Article{topalidou15,
  Title                    = {A Long Journey into Reproducible Computational Neuroscience},
  Author                   = {Topalidou, Meropi and Leblois, Arthur and Boraud, Thomas and Rougier, Nicolas P},
  Journal                  = {Frontiers in Computational Neuroscience},
  Year                     = {2015},
  Number                   = {30},
  Volume                   = {9},

  Doi                      = {10.3389/fncom.2015.00030},
  ISSN                     = {1662-5188}
}

@Article{vannoorden15,
  Title                    = {Sluggish data sharing hampers reproducibility effort},
  Author                   = {Van Noorden, R},
  Journal                  = {Nature News},
  Year                     = {2015},
  Volume                   = {3}
}
